<?xml version="1.0" encoding="UTF-8"?><collection xmlns="http://www.loc.gov/MARC21/slim"><record><leader>00383nam--2200133-i-4500</leader><controlfield tag="001">000018064</controlfield><controlfield tag="002">20161230</controlfield><controlfield tag="005">20161230201032</controlfield><controlfield tag="008">060222s1000------------r-----000-0-eng-d</controlfield><datafield ind1=" " ind2=" " tag="080"><subfield code="a">666.94 +666.96}:541.1 666.96 +666.94}:541.1</subfield></datafield><datafield ind1=" " ind2=" " tag="100"><subfield code="a">Forslind, E</subfield></datafield><datafield ind1=" " ind2=" " tag="245"><subfield code="a">Lattice dynamics of ice and a case of diffuse x-ray scattering</subfield></datafield><datafield ind1=" " ind2=" " tag="260"><subfield code="a">Stockholm, 1954. 42 P + Erata</subfield></datafield><datafield ind1=" " ind2=" " tag="852"><subfield code="a">3440</subfield></datafield></record></collection>